%% This BibTeX bibliography file was created using BibDesk.
%% http://bibdesk.sourceforge.net/


%% Created for Gabriela Sch√§r at 2012-12-02 16:13:46 +0100 


%% Saved with string encoding Unicode (UTF-8) 



@url{bfs,
	Date-Added = {2012-12-02 15:11:30 +0000},
	Date-Modified = {2012-12-02 15:12:25 +0000},
	Title = {http://www.bfs.admin.ch/bfs/portal/de/index/themen/01/02/blank/data/01.html},
	Urldate = {october 2012}}

@url{dhm,
	Date-Added = {2012-11-13 06:38:33 +0000},
	Date-Modified = {2012-12-02 14:47:34 +0000},
	Lastchecked = {october 2012},
	Title = {swisstopo.adim.ch},
	Url = {www.swisstopo.admin.ch},
	Bdsk-Url-1 = {www.swisstopo.admin.ch}}

@url{gis_data,
	Date-Added = {2012-11-13 06:38:05 +0000},
	Date-Modified = {2012-12-02 15:13:46 +0000},
	Lastchecked = {october 2012},
	Title = {http://www.geodata.ethz.ch},
	Url = {www.geodata.ethz.ch},
	Urldate = {october 2012},
	Bdsk-Url-1 = {www.geodata.ethz.ch}}

@article{network_model,
	Author = {Atsushi Tero and Ryo Kobayashi and Toshiyuki Nakagaki},
	Date-Added = {2012-11-12 20:53:31 +0000},
	Date-Modified = {2012-11-12 20:56:47 +0000},
	Journal = {Physica A Statisticla Mechanics and its Applications},
	Title = {Physarum solver: A biologically inspired method of road-network navigation},
	Year = {2006}}

@article{network_tokyo,
	Author = {Atsushi Tero and Seiji Takagi and Tetsu Saigusa and Kentaro Ito and Dan P. Bebber and Mark D. Fricker and Kenjo Yumiki and Ryo Kobayashi and Toshiyuki Nakagaki},
	Date-Added = {2012-11-12 20:45:09 +0000},
	Date-Modified = {2012-11-12 20:53:12 +0000},
	Journal = {Science Magazine},
	Title = {Rules for Biologically Inspired Adaptive Network Design},
	Year = {2010}}
